<?xml version="1.0" encoding="UTF-8"?>
<record xmlns="http://www.loc.gov/MARC21/slim" xmlns:xsi="http://www.w3.org/2001/XMLSchema-instance" xsi:schemaLocation="http://www.loc.gov/MARC21/slim http://www.loc.gov/standards/marcxml/schema/MARC21slim.xsd">
<leader>     nam a2200241 a 4500</leader>
<controlfield tag="001">001592472</controlfield>
<controlfield tag="003">NNU</controlfield>
<controlfield tag="005">20061010170940.0</controlfield>
<controlfield tag="008">000223s1901    ua      a     000 0 ara d</controlfield>
<datafield tag="035" ind1="9" ind2=" ">
<subfield code="a">NYUb12104985</subfield>
</datafield>
<datafield tag="035" ind1=" " ind2=" ">
<subfield code="a">(CStRLIN)NYUG00-B641</subfield>
</datafield>
<datafield tag="040" ind1=" " ind2=" ">
<subfield code="a">NjP</subfield>
<subfield code="c">NjP</subfield>
<subfield code="d">NNU</subfield>
</datafield>
<datafield tag="050" ind1=" " ind2="4">
<subfield code="a">PJ7862.H563</subfield>
<subfield code="b">H35 1901</subfield>
</datafield>
<datafield tag="066" ind1=" " ind2=" ">
<subfield code="c">(3</subfield>
</datafield>
<datafield tag="090" ind1=" " ind2=" ">
<subfield code="a">PJ7862.H563</subfield>
<subfield code="b">H35 1901</subfield>
</datafield>
<datafield tag="100" ind1="1" ind2=" ">
<subfield code="a">Shinqīṭī, Muḥammad Maḥmūd</subfield>
<subfield code="6">880-01</subfield>
</datafield>
<datafield tag="245" ind1="1" ind2="3">
<subfield code="6">880-02</subfield>
<subfield code="a">al-Ḥamāsah al-sanīyah al-kāmilah al-mazīyah fī al-riḥlah al-ʻilmīyah al-Shinqīṭīyah al-Turkuzīyah /</subfield>
<subfield code="c">li-Muḥammad Maḥmūd ibn al-Talāmīd al-Turkuzī al-Shinqīṭī.</subfield>
</datafield>
<datafield tag="260" ind1=" " ind2=" ">
<subfield code="6">880-03</subfield>
<subfield code="a">Miṣr :</subfield>
<subfield code="b">Maṭbaʻat al-Mawsūʻāt,</subfield>
<subfield code="c">1319 [1901 or 1902]</subfield>
</datafield>
<datafield tag="300" ind1=" " ind2=" ">
<subfield code="a">2 v. in 1 ;</subfield>
<subfield code="c">24 cm.</subfield>
</datafield>
<datafield tag="505" ind1="0" ind2=" ">
<subfield code="a">v. 1. Yaḥtawī ʻalá arbaʻ qaṣāʼid wa-maqṭūʻah -- v. 2. Yaḥtawī ʻalá khams qaṣāʼid wa-maqṭūʻah.</subfield>
</datafield>
<datafield tag="880" ind1="1" ind2=" ">
<subfield code="6">100-01/</subfield>
<subfield code="a">شنقيطي، محمد محمود.</subfield>
</datafield>
<datafield tag="880" ind1="1" ind2="2">
<subfield code="6">245-02/</subfield>
<subfield code="a">الحماسة السنية الكاملة المزية في الرحلة العلمية الشنقيطية التركزية /</subfield>
<subfield code="c">لمحمد محمود بن التلاميد التركزي الشنقيطي.</subfield>
</datafield>
<datafield tag="880" ind1=" " ind2=" ">
<subfield code="6">260-03/</subfield>
<subfield code="a">مصر :</subfield>
<subfield code="b">مطبعة الموسوعات،</subfield>
<subfield code="c">١٣١٩.</subfield>
</datafield>
<datafield tag="OWN" ind1=" " ind2=" ">
<subfield code="a">GENERAL</subfield>
</datafield>
<datafield tag="998" ind1=" " ind2=" ">
<subfield code="a">20000223</subfield>
<subfield code="d">20000223</subfield>
<subfield code="d">20000223</subfield>
<subfield code="n">NNU</subfield>
<subfield code="s">1</subfield>
<subfield code="t">c</subfield>
<subfield code="z">p</subfield>
</datafield>
<datafield tag="AVA" ind1=" " ind2=" ">
<subfield code="a">NYU50</subfield>
<subfield code="b">BOBST</subfield>
<subfield code="c">Main Collection</subfield>
<subfield code="d">PJ7862.H563 H35 1901</subfield>
<subfield code="e">unavailable</subfield>
<subfield code="t">Unavailable</subfield>
<subfield code="f">1</subfield>
<subfield code="g">1</subfield>
<subfield code="h">Y</subfield>
<subfield code="i">0</subfield>
<subfield code="j">MAIN</subfield>
<subfield code="k">0</subfield>
</datafield>
</record>
